<record xmlns="http://www.loc.gov/MARC21/slim" xmlns:xsi="http://www.w3.org/2001/XMLSchema-instance" xsi:schemaLocation="http://www.loc.gov/MARC21/slim http://www.loc.gov/standards/marcxml/schema/MARC21slim.xsd"><leader>00972nam a2200241   4500</leader><controlfield tag="001">001679041</controlfield><controlfield tag="003">NNU</controlfield><controlfield tag="006">m        d        </controlfield><controlfield tag="007">cr cn |||m|||a</controlfield><controlfield tag="008">140707s1945    le      o     000 0 ara d</controlfield><datafield ind1=" " ind2=" " tag="040"><subfield code="a">NNU</subfield><subfield code="b">eng</subfield><subfield code="c">NNU</subfield></datafield><datafield ind1="1" ind2=" " tag="100"><subfield code="a">&#699;Abb&#363;d, M&#257;r&#363;n.</subfield></datafield><datafield ind1="1" ind2="0" tag="245"><subfield code="a">Zawba&#699;at al-duh&#363;r</subfield><subfield code="h">[electronic resource] /</subfield><subfield code="c">M&#257;r&#363;n &#699;Abb&#363;d.</subfield></datafield><datafield ind1=" " ind2=" " tag="260"><subfield code="a">[Beirut] :</subfield><subfield code="b">D&#257;r al-Maksh&#363;f,</subfield><subfield code="c">1945.</subfield></datafield><datafield ind1=" " ind2=" " tag="300"><subfield code="a">online resource (276 p.)</subfield></datafield><datafield ind1=" " ind2=" " tag="500"><subfield code="a">Part of the Arabic Collections Online (ACO) project, contributed by New York Univeristy Libraries.</subfield></datafield><datafield ind1=" " ind2=" " tag="533"><subfield code="a">Electronic reproduction.</subfield><subfield code="b">New York, N.Y. :</subfield><subfield code="c">New York University,</subfield><subfield code="d">2014.</subfield><subfield code="5">NNU</subfield></datafield><datafield ind1="0" ind2="0" tag="600"><subfield code="a">Ab&#363; al-&#699;Al&#257;&#700; al-Ma&#699;arr&#299;,</subfield><subfield code="d">973-1057.</subfield></datafield><datafield ind1="2" ind2=" " tag="710"><subfield code="a">New York University.</subfield><subfield code="b">Libraries.</subfield></datafield><datafield ind1="0" ind2=" " tag="730"><subfield code="a">Arabic Collections Online.</subfield></datafield><datafield ind1="0" ind2="8" tag="776"><subfield code="i">Print version:</subfield><subfield code="a">&#699;Abb&#363;d, M&#257;r&#363;n.</subfield><subfield code="t">Zawba&#699;at al-duh&#363;r</subfield><subfield code="w">(NNU)001679041</subfield></datafield><datafield ind1="4" ind2="0" tag="856"><subfield code="u">http://hdl.handle.net/2333.1/x3ffbj48</subfield></datafield><datafield ind1=" " ind2=" " tag="959"><subfield code="a">NNU</subfield><subfield code="b">WEB</subfield><subfield code="c">GENI</subfield><subfield code="t">0</subfield><subfield code="m">Electronic access</subfield><subfield code="s">01</subfield></datafield></record>